75600000         225452499000107                    04385000000000923120TFARDOSKI & TFARDOSKI LTDA    SICOOB                                  21501201907192300000508500000                                                                     
75600011T01  043 2025452499000107          438500000004385000000000923120TFARDOSKI & TFARDOSKI LTDA                                                                                    000000001501201900000000                                 
7560001300001T 0204385000000000923120000000223701011     1881/1          09022019000000000020000756043850881/1                    091000002298262969CARMEN SALETE LENZ                      000000000000000000000000000000000A4                 
7560001300002U 020000000000000000000000000000000000000000000000000000000000000000000000000000000000000000000000000000000000000000000000001101201900000000    00000000000000000000000                              75600000000000000000000       
7560001300003T 0204385000000000923120000000224402011     1881/2          11032019000000000020000756043850881/2                    091000002298262969CARMEN SALETE LENZ                      000000000000000000000000000000000A4                 
7560001300004U 020000000000000000000000000000000000000000000000000000000000000000000000000000000000000000000000000000000000000000000000001101201900000000    00000000000000000000000                              75600000000000000000000       
7560001300005T 0204385000000000923120000000225103011     1881/3          10042019000000000020000756043850881/3                    091000002298262969CARMEN SALETE LENZ                      000000000000000000000000000000000A4                 
7560001300006U 020000000000000000000000000000000000000000000000000000000000000000000000000000000000000000000000000000000000000000000000001101201900000000    00000000000000000000000                              75600000000000000000000       
7560001300007T 0204385000000000923120000000226904011     1881/4          10052019000000000020000756043850881/4                    091000002298262969CARMEN SALETE LENZ                      000000000000000000000000000000000A4                 
7560001300008U 020000000000000000000000000000000000000000000000000000000000000000000000000000000000000000000000000000000000000000000000001101201900000000    00000000000000000000000                              75600000000000000000000       
7560001300009T 0204385000000000923120000000227605011     1881/5          09062019000000000020000756043850881/5                    091000002298262969CARMEN SALETE LENZ                      000000000000000000000000000000000A4                 
7560001300010U 020000000000000000000000000000000000000000000000000000000000000000000000000000000000000000000000000000000000000000000000001101201900000000    00000000000000000000000                              75600000000000000000000       
7560001300011T 0204385000000000923120000000228306011     1881/6          09072019000000000020000756043850881/6                    091000002298262969CARMEN SALETE LENZ                      000000000000000000000000000000000A4                 
7560001300012U 020000000000000000000000000000000000000000000000000000000000000000000000000000000000000000000000000000000000000000000000001101201900000000    00000000000000000000000                              75600000000000000000000       
7560001300013T 0204385000000000923120000000229007011     1881/7          08082019000000000020000756043850881/7                    091000002298262969CARMEN SALETE LENZ                      000000000000000000000000000000000A4                 
7560001300014U 020000000000000000000000000000000000000000000000000000000000000000000000000000000000000000000000000000000000000000000000001101201900000000    00000000000000000000000                              75600000000000000000000       
7560001300015T 0204385000000000923120000000230908011     1881/8          07092019000000000020000756043850881/8                    091000002298262969CARMEN SALETE LENZ                      000000000000000000000000000000000A4                 
7560001300016U 020000000000000000000000000000000000000000000000000000000000000000000000000000000000000000000000000000000000000000000000001101201900000000    00000000000000000000000                              75600000000000000000000       
7560001300017T 0204385000000000923120000000231601011     152/1           1002201900000000000510075604385052/1                     091000002298262969CARMEN SALETE LENZ                      000000000000000000000000000000000A4                 
7560001300018U 020000000000000000000000000000000000000000000000000000000000000000000000000000000000000000000000000000000000000000000000001101201900000000    00000000000000000000000                              75600000000000000000000       
7560001300019T 0204385000000000923120000000232302011     152/2           1003201900000000000510075604385052/2                     091000002298262969CARMEN SALETE LENZ                      000000000000000000000000000000000A4                 
7560001300020U 020000000000000000000000000000000000000000000000000000000000000000000000000000000000000000000000000000000000000000000000001101201900000000    00000000000000000000000                              75600000000000000000000       
7560001300021T 0304385000000000923120000000052701011     152/1           1002201900000000000510075604385052/1                     090000002298262969CARMEN SALETE LENZ                      00000000000000000000000000000000009                 
7560001300022U 030000000000000000000000000000000000000000000000000000000000000000000000000000000000000000000000000000000000000000000000001501201900000000    00000000000000000000000                              75600000000000000000000       
7560001300023T 0304385000000000923120000000052701011     152/1           1002201900000000000510075604385052/1                     090000002298262969CARMEN SALETE LENZ                      00000000000000000000000000000000009                 
7560001300024U 030000000000000000000000000000000000000000000000000000000000000000000000000000000000000000000000000000000000000000000000001501201900000000    00000000000000000000000                              75600000000000000000000       
7560001300025T 0304385000000000923120000000052702011     152/2           1003201900000000000510075604385052/2                     090000002298262969CARMEN SALETE LENZ                      00000000000000000000000000000000009                 
7560001300026U 030000000000000000000000000000000000000000000000000000000000000000000000000000000000000000000000000000000000000000000000001501201900000000    00000000000000000000000                              75600000000000000000000       
7560001300027T 0304385000000000923120000000052702011     152/2           1003201900000000000510075604385052/2                     090000002298262969CARMEN SALETE LENZ                      00000000000000000000000000000000009                 
7560001300028U 030000000000000000000000000000000000000000000000000000000000000000000000000000000000000000000000000000000000000000000000001501201900000000    00000000000000000000000                              75600000000000000000000       
7560001300029T 0304385000000000923120000000881501011     1881/1          09022019000000000020000756043850881/1                    090000002298262969CARMEN SALETE LENZ                      00000000000000000000000000000000009                 
7560001300030U 030000000000000000000000000000000000000000000000000000000000000000000000000000000000000000000000000000000000000000000000001501201900000000    00000000000000000000000                              75600000000000000000000       
7560001300031T 0304385000000000923120000000881501011     1881/1          09022019000000000020000756043850881/1                    090000002298262969CARMEN SALETE LENZ                      00000000000000000000000000000000009                 
7560001300032U 030000000000000000000000000000000000000000000000000000000000000000000000000000000000000000000000000000000000000000000000001501201900000000    00000000000000000000000                              75600000000000000000000       
7560001300033T 0304385000000000923120000000881502011     1881/2          11032019000000000020000756043850881/2                    090000002298262969CARMEN SALETE LENZ                      00000000000000000000000000000000009                 
7560001300034U 030000000000000000000000000000000000000000000000000000000000000000000000000000000000000000000000000000000000000000000000001501201900000000    00000000000000000000000                              75600000000000000000000       
7560001300035T 0304385000000000923120000000881502011     1881/2          11032019000000000020000756043850881/2                    090000002298262969CARMEN SALETE LENZ                      00000000000000000000000000000000009                 
7560001300036U 030000000000000000000000000000000000000000000000000000000000000000000000000000000000000000000000000000000000000000000000001501201900000000    00000000000000000000000                              75600000000000000000000       
7560001300037T 0304385000000000923120000000881503011     1881/3          10042019000000000020000756043850881/3                    090000002298262969CARMEN SALETE LENZ                      00000000000000000000000000000000009                 
7560001300038U 030000000000000000000000000000000000000000000000000000000000000000000000000000000000000000000000000000000000000000000000001501201900000000    00000000000000000000000                              75600000000000000000000       
7560001300039T 0304385000000000923120000000881503011     1881/3          10042019000000000020000756043850881/3                    090000002298262969CARMEN SALETE LENZ                      00000000000000000000000000000000009                 
7560001300040U 030000000000000000000000000000000000000000000000000000000000000000000000000000000000000000000000000000000000000000000000001501201900000000    00000000000000000000000                              75600000000000000000000       
7560001300041T 0304385000000000923120000000881504011     1881/4          10052019000000000020000756043850881/4                    090000002298262969CARMEN SALETE LENZ                      00000000000000000000000000000000009                 
7560001300042U 030000000000000000000000000000000000000000000000000000000000000000000000000000000000000000000000000000000000000000000000001501201900000000    00000000000000000000000                              75600000000000000000000       
7560001300043T 0304385000000000923120000000881504011     1881/4          10052019000000000020000756043850881/4                    090000002298262969CARMEN SALETE LENZ                      00000000000000000000000000000000009                 
7560001300044U 030000000000000000000000000000000000000000000000000000000000000000000000000000000000000000000000000000000000000000000000001501201900000000    00000000000000000000000                              75600000000000000000000       
7560001300045T 0304385000000000923120000000881505011     1881/5          09062019000000000020000756043850881/5                    090000002298262969CARMEN SALETE LENZ                      00000000000000000000000000000000009                 
7560001300046U 030000000000000000000000000000000000000000000000000000000000000000000000000000000000000000000000000000000000000000000000001501201900000000    00000000000000000000000                              75600000000000000000000       
7560001300047T 0304385000000000923120000000881505011     1881/5          09062019000000000020000756043850881/5                    090000002298262969CARMEN SALETE LENZ                      00000000000000000000000000000000009                 
7560001300048U 030000000000000000000000000000000000000000000000000000000000000000000000000000000000000000000000000000000000000000000000001501201900000000    00000000000000000000000                              75600000000000000000000       
7560001300049T 0304385000000000923120000000881506011     1881/6          09072019000000000020000756043850881/6                    090000002298262969CARMEN SALETE LENZ                      00000000000000000000000000000000009                 
7560001300050U 030000000000000000000000000000000000000000000000000000000000000000000000000000000000000000000000000000000000000000000000001501201900000000    00000000000000000000000                              75600000000000000000000       
7560001300051T 0304385000000000923120000000881506011     1881/6          09072019000000000020000756043850881/6                    090000002298262969CARMEN SALETE LENZ                      00000000000000000000000000000000009                 
7560001300052U 030000000000000000000000000000000000000000000000000000000000000000000000000000000000000000000000000000000000000000000000001501201900000000    00000000000000000000000                              75600000000000000000000       
7560001300053T 0304385000000000923120000000881507011     1881/7          08082019000000000020000756043850881/7                    090000002298262969CARMEN SALETE LENZ                      00000000000000000000000000000000009                 
7560001300054U 030000000000000000000000000000000000000000000000000000000000000000000000000000000000000000000000000000000000000000000000001501201900000000    00000000000000000000000                              75600000000000000000000       
7560001300055T 0304385000000000923120000000881507011     1881/7          08082019000000000020000756043850881/7                    090000002298262969CARMEN SALETE LENZ                      00000000000000000000000000000000009                 
7560001300056U 030000000000000000000000000000000000000000000000000000000000000000000000000000000000000000000000000000000000000000000000001501201900000000    00000000000000000000000                              75600000000000000000000       
7560001300057T 0304385000000000923120000000881508011     1881/8          07092019000000000020000756043850881/8                    090000002298262969CARMEN SALETE LENZ                      00000000000000000000000000000000009                 
7560001300058U 030000000000000000000000000000000000000000000000000000000000000000000000000000000000000000000000000000000000000000000000001501201900000000    00000000000000000000000                              75600000000000000000000       
7560001300059T 0304385000000000923120000000881508011     1881/8          07092019000000000020000756043850881/8                    090000002298262969CARMEN SALETE LENZ                      00000000000000000000000000000000009                 
7560001300060U 030000000000000000000000000000000000000000000000000000000000000000000000000000000000000000000000000000000000000000000000001501201900000000    00000000000000000000000                              75600000000000000000000       
75600015         00006200028200000000005371800000000000000000000000000000000000000000000000000000000000000000000000                                                                                                                             
75699999         000001000064000000                                                                                                                                                                                                             
